<record><leader>00000cas a22000007a 4500</leader><controlfield tag="001">26794658</controlfield><controlfield tag="008">921016d19361936ncuwr ne      0    0eng d</controlfield><datafield ind1=" " ind2=" " tag="010"><subfield code="a">sn 92074089 </subfield></datafield><datafield ind1=" " ind2=" " tag="040"><subfield code="a">NVJ</subfield><subfield code="b">eng</subfield><subfield code="c">NVJ</subfield><subfield code="d">OCLCQ</subfield></datafield><datafield ind1=" " ind2=" " tag="042"><subfield code="a">msc</subfield></datafield><datafield ind1="0" ind2=" " tag="130"><subfield code="a">Dixie herald (Aberdeen, N.C.)</subfield></datafield><datafield ind1="1" ind2="4" tag="245"><subfield code="a">The Dixie herald.</subfield></datafield><datafield ind1=" " ind2=" " tag="260"><subfield code="a">Aberdeen, N.C. :</subfield><subfield code="b">Dixie Print. Co.</subfield></datafield><datafield ind1=" " ind2=" " tag="300"><subfield code="a">v.</subfield></datafield><datafield ind1=" " ind2=" " tag="310"><subfield code="a">Weekly</subfield></datafield><datafield ind1="1" ind2=" " tag="362"><subfield code="a">Began in 1936.</subfield></datafield><datafield ind1="0" ind2=" " tag="362"><subfield code="a">-v. 1, no. 28 (Dec. 18, 1936).</subfield></datafield><datafield ind1=" " ind2=" " tag="588"><subfield code="a">Description based on: Vol. 1, no. 6 (July 17, 1936).</subfield></datafield><datafield ind1=" " ind2=" " tag="752"><subfield code="a">United States</subfield><subfield code="b">North Carolina</subfield><subfield code="c">Moore</subfield><subfield code="d">Aberdeen.</subfield></datafield><datafield ind1="0" ind2="4" tag="785"><subfield code="t">Pilot (Vass, N.C.)</subfield><subfield code="w">(DLC)sn 92073968</subfield></datafield></record>